<record><leader>00000cas a2200000 i 4500</leader><controlfield tag="001">14551584</controlfield><controlfield tag="008">861028d18621866iaudn ne      0    0eng c</controlfield><datafield ind1=" " ind2=" " tag="010"><subfield code="a">sn 86061146 </subfield></datafield><datafield ind1=" " ind2=" " tag="040"><subfield code="a">INP</subfield><subfield code="b">eng</subfield><subfield code="e">rda</subfield><subfield code="c">INP</subfield><subfield code="d">NPX</subfield><subfield code="d">INP</subfield><subfield code="d">NVF</subfield><subfield code="d">OCL</subfield><subfield code="d">OCLCQ</subfield><subfield code="d">OCLCF</subfield><subfield code="d">OCLCO</subfield><subfield code="d">IUL</subfield><subfield code="d">OCLCQ</subfield><subfield code="d">IUL</subfield><subfield code="d">OCL</subfield></datafield><datafield ind1=" " ind2=" " tag="042"><subfield code="a">pcc</subfield></datafield><datafield ind1=" " ind2=" " tag="043"><subfield code="a">n-us-ia</subfield></datafield><datafield ind1="0" ind2=" " tag="130"><subfield code="a">Dubuque democratic herald (Dubuque, Iowa : 1862 : Daily)</subfield></datafield><datafield ind1="1" ind2="0" tag="245"><subfield code="a">Dubuque democratic herald.</subfield></datafield><datafield ind1=" " ind2="1" tag="264"><subfield code="a">[Dubuque, Iowa] :</subfield><subfield code="b">[publisher not identified],</subfield><subfield code="c">1862-1866.</subfield></datafield><datafield ind1=" " ind2=" " tag="300"><subfield code="a">4 volumes :</subfield><subfield code="b">illustrations ;</subfield><subfield code="c">66 cm</subfield></datafield><datafield ind1=" " ind2=" " tag="310"><subfield code="a">Daily (except Monday)</subfield></datafield><datafield ind1=" " ind2=" " tag="336"><subfield code="a">text</subfield><subfield code="b">txt</subfield><subfield code="2">rdacontent</subfield></datafield><datafield ind1=" " ind2=" " tag="337"><subfield code="a">unmediated</subfield><subfield code="b">n</subfield><subfield code="2">rdamedia</subfield></datafield><datafield ind1=" " ind2=" " tag="338"><subfield code="a">volume</subfield><subfield code="b">nc</subfield><subfield code="2">rdacarrier</subfield></datafield><datafield ind1="0" ind2=" " tag="362"><subfield code="a">Vol. XII, no. 128 (November 14, 1862)-v. XV, no. 209 (March 20, 1866) = new series, vol. I, no. 1-</subfield></datafield><datafield ind1=" " ind2=" " tag="500"><subfield code="a">"Official paper of the city and county."</subfield></datafield><datafield ind1=" " ind2=" " tag="515"><subfield code="a">Issues carry many numbering irregularities.</subfield></datafield><datafield ind1=" " ind2="0" tag="651"><subfield code="a">Dubuque (Iowa)</subfield><subfield code="v">Newspapers.</subfield></datafield><datafield ind1=" " ind2="0" tag="651"><subfield code="a">Dubuque County (Iowa)</subfield><subfield code="v">Newspapers.</subfield></datafield><datafield ind1=" " ind2="7" tag="651"><subfield code="a">Iowa</subfield><subfield code="z">Dubuque County.</subfield><subfield code="2">fast</subfield><subfield code="0">(OCoLC)fst01212637</subfield></datafield><datafield ind1=" " ind2="7" tag="651"><subfield code="a">Iowa</subfield><subfield code="z">Dubuque.</subfield><subfield code="2">fast</subfield><subfield code="0">(OCoLC)fst01217313</subfield></datafield><datafield ind1=" " ind2="7" tag="655"><subfield code="a">Newspapers.</subfield><subfield code="2">fast</subfield><subfield code="0">(OCoLC)fst01423814</subfield></datafield><datafield ind1=" " ind2=" " tag="752"><subfield code="a">United States</subfield><subfield code="b">Iowa</subfield><subfield code="c">Dubuque</subfield><subfield code="d">Dubuque.</subfield></datafield><datafield ind1="0" ind2=" " tag="775"><subfield code="t">Weekly democratic herald</subfield><subfield code="g">Nov. 19, 1862</subfield><subfield code="w">(DLC)sn 86061142</subfield><subfield code="w">(OCoLC)14523774</subfield></datafield><datafield ind1="0" ind2=" " tag="775"><subfield code="t">Dubuque democratic herald (Dubuque, Iowa : 1862 : Weekly)</subfield><subfield code="g">Dec. 3, 1862-&lt;July 29, 1863&gt;</subfield><subfield code="w">(DLC)sn 86061144</subfield><subfield code="w">(OCoLC)14523853</subfield></datafield><datafield ind1="0" ind2=" " tag="775"><subfield code="t">Dubuque weekly herald (Dubuque, Iowa : 1865)</subfield><subfield code="g">&lt;May 17, 1865&gt;-Mar. 20, 1866</subfield><subfield code="w">(DLC)sn 86061145</subfield><subfield code="w">(OCoLC)14542610</subfield></datafield><datafield ind1="0" ind2="0" tag="780"><subfield code="t">Dubuque daily herald (Dubuque, Iowa : 1862)</subfield><subfield code="w">(DLC)sn 86061143</subfield><subfield code="w">(OCoLC)14550348</subfield></datafield><datafield ind1="0" ind2="0" tag="785"><subfield code="t">Dubuque daily herald (Dubuque, Iowa : 1866)</subfield><subfield code="w">(DLC)sn 86061147</subfield><subfield code="w">(OCoLC)14551874</subfield></datafield><datafield ind1="4" ind2="1" tag="856"><subfield code="u">http://news.google.com/newspapers?nid=uh8FjILnQOkC</subfield></datafield><datafield ind1="4" ind2="1" tag="856"><subfield code="u">https://news.google.com/newspapers?nid=A36e8EsbUSoC&amp;hl=en</subfield></datafield><datafield ind1="4" ind2="1" tag="856"><subfield code="u">http://infoweb.newsbank.com/iw-search/we/HistArchive/?p_product=EANX&amp;p_theme=ahnp&amp;p_nbid=C69H58TOMTUwNjQ1NjEyMC44MTkxMDY6MToxMzoxMjkuNzkuMzguMTAx&amp;p_action=doc&amp;p_queryname=2&amp;d_viewref=browse&amp;d_article_id=&amp;d_db=&amp;d_pbi=1576CC7A90F8B546&amp;d_issue_id=15E67CFC5D53DFA0</subfield></datafield><datafield ind1="1" ind2=" " tag="029"><subfield code="a">AU@</subfield><subfield code="b">000020236119</subfield></datafield></record>